[gd_scene load_steps=37 format=2]

[ext_resource path="res://Scenes/Characters/Player/Player.gd" type="Script" id=1]

[sub_resource type="StreamTexture" id=1]
load_path = "res://.import/LA link spritesheet.png-c1864823109636193f71cf4ba37a98b7.stex"

[sub_resource type="RectangleShape2D" id=2]
extents = Vector2( 6, 7 )

[sub_resource type="Animation" id=25]
resource_name = "IdleDown"
length = 0.1
tracks/0/type = "value"
tracks/0/path = NodePath("Sprite:frame")
tracks/0/interp = 1
tracks/0/loop_wrap = true
tracks/0/imported = false
tracks/0/enabled = true
tracks/0/keys = {
"times": PoolRealArray( 0 ),
"transitions": PoolRealArray( 1 ),
"update": 1,
"values": [ 0 ]
}
tracks/1/type = "value"
tracks/1/path = NodePath("Sprite:flip_h")
tracks/1/interp = 1
tracks/1/loop_wrap = true
tracks/1/imported = false
tracks/1/enabled = true
tracks/1/keys = {
"times": PoolRealArray( 0 ),
"transitions": PoolRealArray( 1 ),
"update": 1,
"values": [ false ]
}

[sub_resource type="Animation" id=26]
resource_name = "IdleLeft"
length = 0.1
tracks/0/type = "value"
tracks/0/path = NodePath("Sprite:frame")
tracks/0/interp = 1
tracks/0/loop_wrap = true
tracks/0/imported = false
tracks/0/enabled = true
tracks/0/keys = {
"times": PoolRealArray( 0 ),
"transitions": PoolRealArray( 1 ),
"update": 1,
"values": [ 2 ]
}
tracks/1/type = "value"
tracks/1/path = NodePath("Sprite:flip_h")
tracks/1/interp = 1
tracks/1/loop_wrap = true
tracks/1/imported = false
tracks/1/enabled = true
tracks/1/keys = {
"times": PoolRealArray( 0 ),
"transitions": PoolRealArray( 1 ),
"update": 1,
"values": [ false ]
}

[sub_resource type="Animation" id=27]
resource_name = "IdleRight"
length = 0.1
tracks/0/type = "value"
tracks/0/path = NodePath("Sprite:frame")
tracks/0/interp = 1
tracks/0/loop_wrap = true
tracks/0/imported = false
tracks/0/enabled = true
tracks/0/keys = {
"times": PoolRealArray( 0 ),
"transitions": PoolRealArray( 1 ),
"update": 1,
"values": [ 2 ]
}
tracks/1/type = "value"
tracks/1/path = NodePath("Sprite:flip_h")
tracks/1/interp = 1
tracks/1/loop_wrap = true
tracks/1/imported = false
tracks/1/enabled = true
tracks/1/keys = {
"times": PoolRealArray( 0 ),
"transitions": PoolRealArray( 1 ),
"update": 1,
"values": [ true ]
}

[sub_resource type="Animation" id=28]
resource_name = "IdleUp"
length = 0.1
tracks/0/type = "value"
tracks/0/path = NodePath("Sprite:frame")
tracks/0/interp = 1
tracks/0/loop_wrap = true
tracks/0/imported = false
tracks/0/enabled = true
tracks/0/keys = {
"times": PoolRealArray( 0 ),
"transitions": PoolRealArray( 1 ),
"update": 1,
"values": [ 1 ]
}
tracks/1/type = "value"
tracks/1/path = NodePath("Sprite:flip_h")
tracks/1/interp = 1
tracks/1/loop_wrap = true
tracks/1/imported = false
tracks/1/enabled = true
tracks/1/keys = {
"times": PoolRealArray( 0 ),
"transitions": PoolRealArray( 1 ),
"update": 1,
"values": [ false ]
}

[sub_resource type="Animation" id=3]
resource_name = "SwingDown"
length = 0.2
tracks/0/type = "value"
tracks/0/path = NodePath("Sprite:frame")
tracks/0/interp = 1
tracks/0/loop_wrap = true
tracks/0/imported = false
tracks/0/enabled = true
tracks/0/keys = {
"times": PoolRealArray( 0, 0.1 ),
"transitions": PoolRealArray( 1, 1 ),
"update": 1,
"values": [ 4, 5 ]
}
tracks/1/type = "value"
tracks/1/path = NodePath("Sprite:flip_h")
tracks/1/interp = 1
tracks/1/loop_wrap = true
tracks/1/imported = false
tracks/1/enabled = true
tracks/1/keys = {
"times": PoolRealArray( 0 ),
"transitions": PoolRealArray( 1 ),
"update": 1,
"values": [ false ]
}
tracks/2/type = "method"
tracks/2/path = NodePath(".")
tracks/2/interp = 1
tracks/2/loop_wrap = true
tracks/2/imported = false
tracks/2/enabled = true
tracks/2/keys = {
"times": PoolRealArray( 0.2 ),
"transitions": PoolRealArray( 1 ),
"values": [ {
"args": [  ],
"method": "_swingEnd"
} ]
}

[sub_resource type="Animation" id=4]
resource_name = "SwingLeft"
length = 0.2
tracks/0/type = "value"
tracks/0/path = NodePath("Sprite:frame")
tracks/0/interp = 1
tracks/0/loop_wrap = true
tracks/0/imported = false
tracks/0/enabled = true
tracks/0/keys = {
"times": PoolRealArray( 0, 0.1 ),
"transitions": PoolRealArray( 1, 1 ),
"update": 1,
"values": [ 8, 9 ]
}
tracks/1/type = "value"
tracks/1/path = NodePath("Sprite:flip_h")
tracks/1/interp = 1
tracks/1/loop_wrap = true
tracks/1/imported = false
tracks/1/enabled = true
tracks/1/keys = {
"times": PoolRealArray( 0 ),
"transitions": PoolRealArray( 1 ),
"update": 1,
"values": [ false ]
}
tracks/2/type = "method"
tracks/2/path = NodePath(".")
tracks/2/interp = 1
tracks/2/loop_wrap = true
tracks/2/imported = false
tracks/2/enabled = true
tracks/2/keys = {
"times": PoolRealArray( 0.2 ),
"transitions": PoolRealArray( 1 ),
"values": [ {
"args": [  ],
"method": "_swingEnd"
} ]
}

[sub_resource type="Animation" id=5]
resource_name = "SwingRight"
length = 0.2
tracks/0/type = "value"
tracks/0/path = NodePath("Sprite:frame")
tracks/0/interp = 1
tracks/0/loop_wrap = true
tracks/0/imported = false
tracks/0/enabled = true
tracks/0/keys = {
"times": PoolRealArray( 0, 0.1 ),
"transitions": PoolRealArray( 1, 1 ),
"update": 1,
"values": [ 8, 9 ]
}
tracks/1/type = "value"
tracks/1/path = NodePath("Sprite:flip_h")
tracks/1/interp = 1
tracks/1/loop_wrap = true
tracks/1/imported = false
tracks/1/enabled = true
tracks/1/keys = {
"times": PoolRealArray( 0 ),
"transitions": PoolRealArray( 1 ),
"update": 1,
"values": [ true ]
}
tracks/2/type = "method"
tracks/2/path = NodePath(".")
tracks/2/interp = 1
tracks/2/loop_wrap = true
tracks/2/imported = false
tracks/2/enabled = true
tracks/2/keys = {
"times": PoolRealArray( 0.2 ),
"transitions": PoolRealArray( 1 ),
"values": [ {
"args": [  ],
"method": "_swingEnd"
} ]
}

[sub_resource type="Animation" id=6]
resource_name = "SwingUp"
length = 0.2
tracks/0/type = "value"
tracks/0/path = NodePath("Sprite:frame")
tracks/0/interp = 1
tracks/0/loop_wrap = true
tracks/0/imported = false
tracks/0/enabled = true
tracks/0/keys = {
"times": PoolRealArray( 0, 0.1 ),
"transitions": PoolRealArray( 1, 1 ),
"update": 1,
"values": [ 6, 7 ]
}
tracks/1/type = "value"
tracks/1/path = NodePath("Sprite:flip_h")
tracks/1/interp = 1
tracks/1/loop_wrap = true
tracks/1/imported = false
tracks/1/enabled = true
tracks/1/keys = {
"times": PoolRealArray( 0 ),
"transitions": PoolRealArray( 1 ),
"update": 1,
"values": [ false ]
}
tracks/2/type = "method"
tracks/2/path = NodePath(".")
tracks/2/interp = 1
tracks/2/loop_wrap = true
tracks/2/imported = false
tracks/2/enabled = true
tracks/2/keys = {
"times": PoolRealArray( 0.2 ),
"transitions": PoolRealArray( 1 ),
"values": [ {
"args": [  ],
"method": "_swingEnd"
} ]
}

[sub_resource type="Animation" id=7]
length = 0.2
loop = true
tracks/0/type = "value"
tracks/0/path = NodePath("Sprite:frame")
tracks/0/interp = 1
tracks/0/loop_wrap = true
tracks/0/imported = false
tracks/0/enabled = true
tracks/0/keys = {
"times": PoolRealArray( 0 ),
"transitions": PoolRealArray( 1 ),
"update": 1,
"values": [ 0 ]
}
tracks/1/type = "value"
tracks/1/path = NodePath("Sprite:flip_h")
tracks/1/interp = 1
tracks/1/loop_wrap = true
tracks/1/imported = false
tracks/1/enabled = true
tracks/1/keys = {
"times": PoolRealArray( 0, 0.1 ),
"transitions": PoolRealArray( 1, 1 ),
"update": 1,
"values": [ false, true ]
}

[sub_resource type="Animation" id=8]
length = 0.2
loop = true
tracks/0/type = "value"
tracks/0/path = NodePath("Sprite:frame")
tracks/0/interp = 1
tracks/0/loop_wrap = true
tracks/0/imported = false
tracks/0/enabled = true
tracks/0/keys = {
"times": PoolRealArray( 0, 0.1 ),
"transitions": PoolRealArray( 1, 1 ),
"update": 1,
"values": [ 2, 3 ]
}
tracks/1/type = "value"
tracks/1/path = NodePath("Sprite:flip_h")
tracks/1/interp = 1
tracks/1/loop_wrap = true
tracks/1/imported = false
tracks/1/enabled = true
tracks/1/keys = {
"times": PoolRealArray( 0 ),
"transitions": PoolRealArray( 1 ),
"update": 1,
"values": [ false ]
}

[sub_resource type="Animation" id=9]
length = 0.2
loop = true
tracks/0/type = "value"
tracks/0/path = NodePath("Sprite:frame")
tracks/0/interp = 1
tracks/0/loop_wrap = true
tracks/0/imported = false
tracks/0/enabled = true
tracks/0/keys = {
"times": PoolRealArray( 0, 0.1 ),
"transitions": PoolRealArray( 1, 1 ),
"update": 1,
"values": [ 2, 3 ]
}
tracks/1/type = "value"
tracks/1/path = NodePath("Sprite:flip_h")
tracks/1/interp = 1
tracks/1/loop_wrap = true
tracks/1/imported = false
tracks/1/enabled = true
tracks/1/keys = {
"times": PoolRealArray( 0 ),
"transitions": PoolRealArray( 1 ),
"update": 1,
"values": [ true ]
}

[sub_resource type="Animation" id=10]
length = 0.2
loop = true
tracks/0/type = "value"
tracks/0/path = NodePath("Sprite:frame")
tracks/0/interp = 1
tracks/0/loop_wrap = true
tracks/0/imported = false
tracks/0/enabled = true
tracks/0/keys = {
"times": PoolRealArray( 0 ),
"transitions": PoolRealArray( 1 ),
"update": 1,
"values": [ 1 ]
}
tracks/1/type = "value"
tracks/1/path = NodePath("Sprite:flip_h")
tracks/1/interp = 1
tracks/1/loop_wrap = true
tracks/1/imported = false
tracks/1/enabled = true
tracks/1/keys = {
"times": PoolRealArray( 0, 0.1 ),
"transitions": PoolRealArray( 1, 1 ),
"update": 1,
"values": [ false, true ]
}

[sub_resource type="AnimationNodeAnimation" id=29]
animation = "IdleDown"

[sub_resource type="AnimationNodeAnimation" id=30]
animation = "IdleUp"

[sub_resource type="AnimationNodeAnimation" id=31]
animation = "IdleLeft"

[sub_resource type="AnimationNodeAnimation" id=32]
animation = "IdleRight"

[sub_resource type="AnimationNodeBlendSpace2D" id=33]
blend_point_0/node = SubResource( 29 )
blend_point_0/pos = Vector2( 0, 1.01 )
blend_point_1/node = SubResource( 30 )
blend_point_1/pos = Vector2( 0, -1.01 )
blend_point_2/node = SubResource( 31 )
blend_point_2/pos = Vector2( -1, 0 )
blend_point_3/node = SubResource( 32 )
blend_point_3/pos = Vector2( 1, 0 )
blend_mode = 1

[sub_resource type="AnimationNodeAnimation" id=11]
animation = "WalkLeft"

[sub_resource type="AnimationNodeAnimation" id=12]
animation = "WalkDown"

[sub_resource type="AnimationNodeAnimation" id=13]
animation = "WalkRight"

[sub_resource type="AnimationNodeAnimation" id=14]
animation = "WalkUp"

[sub_resource type="AnimationNodeBlendSpace2D" id=15]
blend_point_0/node = SubResource( 11 )
blend_point_0/pos = Vector2( -1, 0 )
blend_point_1/node = SubResource( 12 )
blend_point_1/pos = Vector2( 0, 1.01 )
blend_point_2/node = SubResource( 13 )
blend_point_2/pos = Vector2( 1, 0 )
blend_point_3/node = SubResource( 14 )
blend_point_3/pos = Vector2( 0, -1.01 )
blend_mode = 1

[sub_resource type="AnimationNodeAnimation" id=16]
animation = "SwingLeft"

[sub_resource type="AnimationNodeAnimation" id=17]
animation = "SwingDown"

[sub_resource type="AnimationNodeAnimation" id=18]
animation = "SwingUp"

[sub_resource type="AnimationNodeAnimation" id=19]
animation = "SwingRight"

[sub_resource type="AnimationNodeBlendSpace2D" id=20]
blend_point_0/node = SubResource( 16 )
blend_point_0/pos = Vector2( -1, 0 )
blend_point_1/node = SubResource( 17 )
blend_point_1/pos = Vector2( 0, 1.01 )
blend_point_2/node = SubResource( 18 )
blend_point_2/pos = Vector2( 0, -1.01 )
blend_point_3/node = SubResource( 19 )
blend_point_3/pos = Vector2( 1, 0 )
blend_mode = 1

[sub_resource type="AnimationNodeStateMachineTransition" id=21]

[sub_resource type="AnimationNodeStateMachineTransition" id=22]

[sub_resource type="AnimationNodeStateMachineTransition" id=34]

[sub_resource type="AnimationNodeStateMachineTransition" id=35]

[sub_resource type="AnimationNodeStateMachine" id=23]
states/IdleDirections/node = SubResource( 33 )
states/IdleDirections/position = Vector2( 213, 210 )
states/MovementDirections/node = SubResource( 15 )
states/MovementDirections/position = Vector2( 213, 121 )
states/SwingDirections/node = SubResource( 20 )
states/SwingDirections/position = Vector2( 484, 121 )
transitions = [ "MovementDirections", "SwingDirections", SubResource( 21 ), "SwingDirections", "MovementDirections", SubResource( 22 ), "MovementDirections", "IdleDirections", SubResource( 34 ), "IdleDirections", "MovementDirections", SubResource( 35 ) ]
start_node = "IdleDirections"
graph_offset = Vector2( -5, 15.4681 )

[sub_resource type="AnimationNodeStateMachinePlayback" id=24]

[node name="Player" type="KinematicBody2D" groups=[
"player",
]]
script = ExtResource( 1 )
__meta__ = {
"_edit_group_": true
}

[node name="Sprite" type="Sprite" parent="."]
texture = SubResource( 1 )
centered = false
hframes = 10

[node name="CollisionShape2D" type="CollisionShape2D" parent="."]
visible = false
position = Vector2( 8, 8 )
shape = SubResource( 2 )

[node name="AnimationPlayer" type="AnimationPlayer" parent="."]
anims/IdleDown = SubResource( 25 )
anims/IdleLeft = SubResource( 26 )
anims/IdleRight = SubResource( 27 )
anims/IdleUp = SubResource( 28 )
anims/SwingDown = SubResource( 3 )
anims/SwingLeft = SubResource( 4 )
anims/SwingRight = SubResource( 5 )
anims/SwingUp = SubResource( 6 )
anims/WalkDown = SubResource( 7 )
anims/WalkLeft = SubResource( 8 )
anims/WalkRight = SubResource( 9 )
anims/WalkUp = SubResource( 10 )

[node name="AnimationTree" type="AnimationTree" parent="."]
tree_root = SubResource( 23 )
anim_player = NodePath("../AnimationPlayer")
active = true
parameters/playback = SubResource( 24 )
parameters/IdleDirections/blend_position = Vector2( 0, 0.0217391 )
parameters/MovementDirections/blend_position = Vector2( 0, 0.00724638 )
parameters/SwingDirections/blend_position = Vector2( 0.272251, 0.686636 )
